<collection xmlns="http://www.loc.gov/MARC21/slim">
<record>
  <leader>03140nam0a22004931i 450 </leader>
  <controlfield tag="001">IT\ICCU\CNCE\032285</controlfield>
  <controlfield tag="005">20150416000000.0</controlfield>
  <datafield tag="012" ind1=" " ind2=" ">
    <subfield code="a">n-o- o-et bise quac (3) 1566 (R)</subfield>
    <subfield code="2">fei</subfield>
  </datafield>
  <datafield tag="100" ind1=" " ind2=" ">
    <subfield code="a">19971211d1566        0itac0103    ba</subfield>
  </datafield>
  <datafield tag="101" ind1=" " ind2=" ">
    <subfield code="a">LAT</subfield>
  </datafield>
  <datafield tag="102" ind1=" " ind2=" ">
    <subfield code="a">IT</subfield>
  </datafield>
  <datafield tag="200" ind1="1" ind2=" ">
    <subfield code="a">℗S. Thomae Aquinatis ℗Commentaria quae extant, in eos, qui parua naturalia Aristotelis dicuntur libros, diligentissime castigata: duplici nuper textus tralatione, antiqua videlicet recognita, &amp; noua Nicolai Leonici appositi: Petri item de Aluernia Ordinispraedicatorum in quosdam huius operis  ̉diuo Thoma inexpositos libros refertissima expositio, ab innumeris erroribus denuo expurgata: Libelli etiam duo sancti Thomae ex volumine opusculorum eiusdem excerpti, alter de motu cordis, alter vero De lumine ...his nuper additi sunt: Duo item indices appositi sunt, ...</subfield>
  </datafield>
  <datafield tag="210" ind1=" " ind2=" ">
    <subfield code="a">Venetiis</subfield>
    <subfield code="c">apud Hieronymum Scottum</subfield>
    <subfield code="d">1566</subfield>
    <subfield code="e">Venetiis</subfield>
    <subfield code="g">apud Hieronymum Scottum</subfield>
    <subfield code="h">1566</subfield>
  </datafield>
  <datafield tag="215" ind1=" " ind2=" ">
    <subfield code="a">\8!, 166, \2! p.</subfield>
    <subfield code="c">1 ritr.</subfield>
    <subfield code="d">fol</subfield>
  </datafield>
  <datafield tag="300" ind1=" " ind2=" ">
    <subfield code="a">De lumine  ̈opera di attribuzione incerta</subfield>
  </datafield>
  <datafield tag="620" ind1=" " ind2=" ">
    <subfield code="a">IT</subfield>
    <subfield code="d">Venezia</subfield>
  </datafield>
  <datafield tag="700" ind1=" " ind2="0">
    <subfield code="a">Tommaso</subfield>
    <subfield code="c"> : d&apos;Aquino</subfield>
    <subfield code="c"> &lt;santo&gt;</subfield>
    <subfield code="3">IT\ICCU\CNCA\000195</subfield>
  </datafield>
  <datafield tag="702" ind1=" " ind2="0">
    <subfield code="a">Pierre</subfield>
    <subfield code="c"> : d&apos;Auvergne</subfield>
    <subfield code="3">IT\ICCU\CNCA\008298</subfield>
  </datafield>
  <datafield tag="702" ind1=" " ind2="0">
    <subfield code="a">Aristoteles</subfield>
    <subfield code="3">IT\ICCU\CNCA\000006</subfield>
  </datafield>
  <datafield tag="702" ind1=" " ind2="1">
    <subfield code="a">Leoniceno,</subfield>
    <subfield code="b"></subfield>
    <subfield code="3">IT\ICCU\CNCA\000022</subfield>
  </datafield>
  <datafield tag="712" ind1="0" ind2="0">
    <subfield code="a">Scoto, Girolamo</subfield>
    <subfield code="3">IT\ICCU\CNCT\000134</subfield>
    <subfield code="4">650</subfield>
  </datafield>
  <datafield tag="790" ind1=" " ind2="0">
    <subfield code="a">Thomas</subfield>
    <subfield code="c"> : de#Aquino</subfield>
    <subfield code="c"> &lt;santo&gt;</subfield>
    <subfield code="3">IT\ICCU\CNCA\009350</subfield>
    <subfield code="z">Tommaso : d&apos;Aquino &lt;santo&gt;</subfield>
  </datafield>
  <datafield tag="790" ind1=" " ind2="0">
    <subfield code="a">Petrus</subfield>
    <subfield code="c"> : de#Alvernia</subfield>
    <subfield code="3">IT\ICCU\CNCA\014799</subfield>
    <subfield code="z">Pierre : d&apos;Auvergne</subfield>
  </datafield>
  <datafield tag="790" ind1=" " ind2="0">
    <subfield code="a">Petrus</subfield>
    <subfield code="c"> : Alvernatis</subfield>
    <subfield code="3">IT\ICCU\CNCA\014821</subfield>
    <subfield code="z">Pierre : d&apos;Auvergne</subfield>
  </datafield>
  <datafield tag="790" ind1=" " ind2="0">
    <subfield code="a">Aristotele</subfield>
    <subfield code="3">IT\ICCU\CNCA\018928</subfield>
    <subfield code="z">Aristoteles</subfield>
  </datafield>
  <datafield tag="790" ind1=" " ind2="0">
    <subfield code="a"></subfield>
    <subfield code="c"> : da#Lonigo</subfield>
    <subfield code="3">IT\ICCU\CNCA\006471</subfield>
    <subfield code="z"></subfield>
  </datafield>
  <datafield tag="790" ind1=" " ind2="1">
    <subfield code="a">Leonicenus,</subfield>
    <subfield code="b">Nicolaus</subfield>
    <subfield code="3">IT\ICCU\CNCA\021598</subfield>
    <subfield code="z"></subfield>
  </datafield>
  <datafield tag="791" ind1="0" ind2="0">
    <subfield code="a">Scotto, Girolamo</subfield>
    <subfield code="3">IT\ICCU\CNCT\002826</subfield>
    <subfield code="z">Scoto, Girolamo</subfield>
  </datafield>
  <datafield tag="791" ind1="0" ind2="0">
    <subfield code="a">Schottus, Hieronymus</subfield>
    <subfield code="3">IT\ICCU\CNCT\004087</subfield>
    <subfield code="z">Scoto, Girolamo</subfield>
  </datafield>
  <datafield tag="791" ind1="0" ind2="0">
    <subfield code="a">Scotus, Hieronymus</subfield>
    <subfield code="3">IT\ICCU\CNCT\005629</subfield>
    <subfield code="z">Scoto, Girolamo</subfield>
  </datafield>
  <datafield tag="791" ind1="0" ind2="0">
    <subfield code="a">Scottus, Hieronymus</subfield>
    <subfield code="3">IT\ICCU\CNCT\005630</subfield>
    <subfield code="z">Scoto, Girolamo</subfield>
  </datafield>
  <datafield tag="791" ind1="0" ind2="0">
    <subfield code="a">Schotus, Hieronymus</subfield>
    <subfield code="3">IT\ICCU\CNCT\005631</subfield>
    <subfield code="z">Scoto, Girolamo</subfield>
  </datafield>
  <datafield tag="791" ind1="0" ind2="0">
    <subfield code="a">Scotti, Girolamo</subfield>
    <subfield code="3">IT\ICCU\CNCT\005632</subfield>
    <subfield code="z">Scoto, Girolamo</subfield>
  </datafield>
  <datafield tag="801" ind1=" " ind2="3">
    <subfield code="a">IT</subfield>
    <subfield code="b">ICCU</subfield>
    <subfield code="c">20201114</subfield>
  </datafield>
  <datafield tag="899" ind1=" " ind2=" ">
    <subfield code="a">Biblioteca del Seminario vescovile. Osimo</subfield>
    <subfield code="1">AN0056</subfield>
    <subfield code="2">PBE D3</subfield>
  </datafield>
  <datafield tag="899" ind1=" " ind2=" ">
    <subfield code="a">Biblioteca Apostolica Vaticana. Citt ̉del Vaticano</subfield>
    <subfield code="1">EX0001</subfield>
    <subfield code="2">ZCV 01</subfield>
  </datafield>
  <datafield tag="899" ind1=" " ind2=" ">
    <subfield code="a">Biblioteca pubblica del Seminario teologico centrale. Gorizia</subfield>
    <subfield code="1">GO0020</subfield>
    <subfield code="2">ZGO 01</subfield>
  </datafield>
  <datafield tag="899" ind1=" " ind2=" ">
    <subfield code="a">Biblioteca universitaria. Padova</subfield>
    <subfield code="1">PD0158</subfield>
    <subfield code="2">PUV 00</subfield>
  </datafield>
  <datafield tag="899" ind1=" " ind2=" ">
    <subfield code="a">Biblioteca nazionale centrale. Roma</subfield>
    <subfield code="z">MUTILO</subfield>
    <subfield code="1">RM0267</subfield>
    <subfield code="2">BVE CR</subfield>
  </datafield>
  <datafield tag="899" ind1=" " ind2=" ">
    <subfield code="a">Biblioteca del Teresianum. Roma</subfield>
    <subfield code="1">RM0716</subfield>
    <subfield code="2">ZRM 46</subfield>
  </datafield>
  <datafield tag="899" ind1=" " ind2=" ">
    <subfield code="a">Biblioteca della Certosa di S. Lorenzo. Padula</subfield>
    <subfield code="1">SA0040</subfield>
    <subfield code="2">NAP CL</subfield>
  </datafield>
  <datafield tag="899" ind1=" " ind2=" ">
    <subfield code="a">Biblioteca Diocesana Vigilianum. Trento</subfield>
    <subfield code="1">TN0132</subfield>
    <subfield code="2">ZTN 10</subfield>
  </datafield>
  <datafield tag="911" ind1=" " ind2=" ">
    <subfield code="a">In fine.</subfield>
    <subfield code="9">IT\ICCU\CNCM\000504</subfield>
  </datafield>
  <datafield tag="921" ind1=" " ind2=" ">
    <subfield code="a">IT\ICCU\CNCM\000504</subfield>
    <subfield code="b">Cerchio con croce doppia e iniziali O.S.M. Intorno una corona di foglie sorretta da due putti</subfield>
    <subfield code="c">Z271</subfield>
    <subfield code="d">Dimensione: 8,7 x 7,5</subfield>
    <subfield code="f">CORONA</subfield>
    <subfield code="f">CROCE</subfield>
    <subfield code="f">OSM</subfield>
    <subfield code="f">PUTTI</subfield>
    <subfield code="g">1518-1566</subfield>
  </datafield>
</record>
</collection>
